@INPROCEEDINGS{8001570,  author={Chin, Jeannette and Callaghan, Vic and Lam, Ivan},  booktitle={2017 IEEE 26th International Symposium on Industrial Electronics (ISIE)},   title={Understanding and personalising smart city services using machine learning, The Internet-of-Things and Big Data},   year={2017},  volume={},  number={},  pages={2050-2055},  doi={10.1109/ISIE.2017.8001570}}

@ARTICLE{8883163,  author={Farooq, Muhammad Shoaib and Riaz, Shamyla and Abid, Adnan and Abid, Kamran and Naeem, Muhammad Azhar},  journal={IEEE Access},   title={A Survey on the Role of IoT in Agriculture for the Implementation of Smart Farming},   year={2019},  volume={7},  number={},  pages={156237-156271},  doi={10.1109/ACCESS.2019.2949703}}

@INPROCEEDINGS{8358540,  author={Saarika, P S and Sandhya, K. and Sudha, T.},  booktitle={2017 International Conference On Smart Technologies For Smart Nation (SmartTechCon)},   title={Smart transportation system using IoT},   year={2017},  volume={},  number={},  pages={1104-1107},  doi={10.1109/SmartTechCon.2017.8358540}}

@INPROCEEDINGS{7474197,  author={Ukil, Arijit and Bandyoapdhyay, Soma and Puri, Chetanya and Pal, Arpan},  booktitle={2016 IEEE 30th International Conference on Advanced Information Networking and Applications (AINA)},   title={IoT Healthcare Analytics: The Importance of Anomaly Detection},   year={2016},  volume={},  number={},  pages={994-997},  doi={10.1109/AINA.2016.158}}

@INPROCEEDINGS{9221219,  author={Chéour, Rym and Khriji, Sabrine and abid, Mohamed and Kanoun, Olfa},  booktitle={2020 IEEE 6th World Forum on Internet of Things (WF-IoT)},   title={Microcontrollers for IoT: Optimizations, Computing Paradigms, and Future Directions},   year={2020},  volume={},  number={},  pages={1-7},  doi={10.1109/WF-IoT48130.2020.9221219}}

@ARTICLE{7815384,  author={Raza, Usman and Kulkarni, Parag and Sooriyabandara, Mahesh},  journal={IEEE Communications Surveys \& Tutorials},   title={Low Power Wide Area Networks: An Overview},   year={2017},  volume={19},  number={2},  pages={855-873},  doi={10.1109/COMST.2017.2652320}}

@INPROCEEDINGS{9230597,  author={Iqbal, Mehzabien and Abdullah, Abu Yousha Md and Shabnam, Farzana},  booktitle={2020 IEEE Region 10 Symposium (TENSYMP)},   title={An Application Based Comparative Study of LPWAN Technologies for IoT Environment},   year={2020},  volume={},  number={},  pages={1857-1860},  doi={10.1109/TENSYMP50017.2020.9230597}}

@INPROCEEDINGS{8474715,  author={Devalal, Shilpa and Karthikeyan, A.},  booktitle={2018 Second International Conference on Electronics, Communication and Aerospace Technology (ICECA)},   title={LoRa Technology - An Overview},   year={2018},  volume={},  number={},  pages={284-290},  doi={10.1109/ICECA.2018.8474715}}

@INPROCEEDINGS{8767242,  author={Huh, Heon and Kim, Jeong Yeol},  booktitle={2019 IEEE 5th World Forum on Internet of Things (WF-IoT)},   title={LoRa-based Mesh Network for IoT Applications},   year={2019},  volume={},  number={},  pages={524-527},  doi={10.1109/WF-IoT.2019.8767242}}

@article{NAKAMURA2022257,
title = {A LoRa-based protocol for connecting IoT edge computing nodes to provide small-data-based services},
journal = {Digital Communications and Networks},
volume = {8},
number = {3},
pages = {257-266},
year = {2022},
issn = {2352-8648},
doi = {https://doi.org/10.1016/j.dcan.2021.08.007},
url = {https://www.sciencedirect.com/science/article/pii/S2352864821000596},
author = {Kiyoshy Nakamura and Pietro Manzoni and Alessandro Redondi and Edoardo Longo and Marco Zennaro and Juan-Carlos Cano and Carlos T. Calafate},
keywords = {Small data, Edge computing, LoRa, IoT}
}

@ARTICLE{9385408,  author={Centelles, Roger Pueyo and Freitag, Felix and Meseguer, Roc and Navarro, Leandro},  journal={IEEE Pervasive Computing},   title={Beyond the Star of Stars: An Introduction to Multihop and Mesh for LoRa and LoRaWAN},   year={2021},  volume={20},  number={2},  pages={63-72},  doi={10.1109/MPRV.2021.3063443}}

@ARTICLE{9049146,  author={Al-Hamadi, Hamid and Saoud, Mohammad and Chen, Ing-Ray and Cho, Jin-Hee},  journal={IEEE Access},   title={Optimizing the Lifetime of IoT-Based Star and Mesh Networks},   year={2020},  volume={8},  number={},  pages={63090-63105},  doi={10.1109/ACCESS.2020.2983873}}

@INPROCEEDINGS{8115793,  author={Ochoa, Moises Nunez and Guizar, Arturo and Maman, Mickael and Duda, Andrzej},  booktitle={2017 IEEE 13th International Conference on Wireless and Mobile Computing, Networking and Communications (WiMob)},   title={Evaluating LoRa energy efficiency for adaptive networks: From star to mesh topologies},   year={2017},  volume={},  number={},  pages={1-8},  doi={10.1109/WiMOB.2017.8115793}}

@INPROCEEDINGS{324822,  author={Goguen, J.A. and Linde, C.},  booktitle={[1993] Proceedings of the IEEE International Symposium on Requirements Engineering},   title={Techniques for requirements elicitation},   year={1993},  volume={},  number={},  pages={152-164},  doi={10.1109/ISRE.1993.324822}}

@article{malan2001functional,
  title={Functional requirements and use cases},
  author={Malan, Ruth and Bredemeyer, Dana and others},
  journal={Bredemeyer Consulting},
  year={2001},
  publisher={Citeseer}
}

@INPROCEEDINGS{9394317,
  author={Nakamura, Kiyoshy and Manzoni, Pietro and Zennaro, Marco and Cano, Juan-Carlos and Calafate, Carlos T.},
  booktitle={2020 16th International Conference on Mobility, Sensing and Networking (MSN)}, 
  title={[Invited] LoRaCTP: a LoRa based Content Transfer Protocol for sustainable edge computing}, 
  year={2020},
  volume={},
  number={},
  pages={539-545},
  doi={10.1109/MSN50589.2020.00090}}

@ARTICLE{9930341,
  author={Solé, Joan Miquel and Centelles, Roger Pueyo and Freitag, Felix and Meseguer, Roc},
  journal={IEEE Access}, 
  title={Implementation of a LoRa Mesh Library}, 
  year={2022},
  volume={10},
  number={},
  pages={113158-113171},
  doi={10.1109/ACCESS.2022.3217215}}

@INPROCEEDINGS{9243410,
  author={Liya, M.L. and Arjun, D.},
  booktitle={2020 Fourth International Conference on I-SMAC (IoT in Social, Mobile, Analytics and Cloud) (I-SMAC)}, 
  title={A Survey of LPWAN Technology in Agricultural Field}, 
  year={2020},
  volume={},
  number={},
  pages={313-317},
  doi={10.1109/I-SMAC49090.2020.9243410}}

@Article{fi12030046,
AUTHOR = {Chaudhari, Bharat S. and Zennaro, Marco and Borkar, Suresh},
TITLE = {LPWAN Technologies: Emerging Application Characteristics, Requirements, and Design Considerations},
JOURNAL = {Future Internet},
VOLUME = {12},
YEAR = {2020},
NUMBER = {3},
ARTICLE-NUMBER = {46},
URL = {https://www.mdpi.com/1999-5903/12/3/46},
ISSN = {1999-5903},
DOI = {10.3390/fi12030046}
}

@ARTICLE{8067462,
  author={Vangelista, Lorenzo},
  journal={IEEE Signal Processing Letters}, 
  title={Frequency Shift Chirp Modulation: The LoRa Modulation}, 
  year={2017},
  volume={24},
  number={12},
  pages={1818-1821},
  doi={10.1109/LSP.2017.2762960}}

@ARTICLE{5340799,
  author={Gummalla, Ajay Chandra V. and Limb, John O.},
  journal={IEEE Communications Surveys \& Tutorials}, 
  title={Wireless medium access control protocols}, 
  year={2000},
  volume={3},
  number={2},
  pages={2-15},
  doi={10.1109/COMST.2000.5340799}}
